@article{agarwala2017music,
  title={Music composition using recurrent neural networks},
  author={Agarwala, Nipun and Inoue, Yuki and Sly, Alex},
  journal={CS 224n: Natural Language Processing with Deep Learning, Spring},
  year={2017}
}

@techreport{de2018deep,
  title={Deep Neural Networks for Generating Music},
  author={Souza, Vitor Alves Arrais and Avila, Sandra Eliza Fontes},
  year={2018},
  institution={UNICAMP}
}

@article{karpathy2015visualizing,
  title={Visualizing and understanding recurrent networks},
  author={Karpathy, Andrej and Johnson, Justin and Fei-Fei, Li},
  journal={arXiv preprint arXiv:1506.02078},
  year={2015}
}

@book{aggarwal2018DeepLearning,
   title={Neural Networks and Deep Learning. A Textbook},
   author={Charu C. Aggarwal},
   publisher={Springer},
   year={2018}
}

@article{lstm1997,  
    title={Long Short-Term Memory}, 
    author={Hochreiter, Sepp and Schmidhuber, Jürgen},  
    journal={Neural Computation},   
    year={1997},  
    volume={9},  
    number={8},  
    pages={1735-1780},  
}

% primeira rede neural
@article{neural1943,
 title     = {A logical calculus of the ideas immanent in nervous activity},
 author    = {Warren S. McCulloch; Walter Pitts},
 publisher = {Springer},
 journal   = {The bulletin of mathematical biophysics},
 year      = {1943},
 volume    = {5},
 issue     = {1-2},
 pages     = {115–133},
}